@MISC{worldsOverview,
    author = {Griffin McElroy},
    title = {Becoming the very best: The Pokemon World Championships},
    month = jul,
    year = {2013},
    howpublished = {\url{https://www.polygon.com/2013/7/20/4539528/becoming-the-very-best-the-pokemon-world-championships}}
}

@MISC{bscCoC,
    author = {BCS},
    title = {Code of Conduct for BCS Members},
    month = jun,
    year = {2015},
    howpublished = {\url{http://www.bcs.org/upload/pdf/conduct.pdf}}
}

@MISC{ukGovIP,
    author = {UK Government},
    title = {Intellectual Property and Your Work},
    month = dec,
    year = {2017},
    howpublished = {\url{https://www.gov.uk/intellectual-property-an-overview}}
}

@MISC{pokemonTOS,
    author = {The Pok\'{e}mon Company},
    title = {Terms of Use},
    month = jul,
    year = {2016},
    howpublished = {\url{https://www.pokemon.com/uk/terms-of-use/}}
}

@MISC{dataProtectionAct,
    author = {UK Government},
    title = {Data Protection Act 1998},
    month = jul,
    year = {1998},
    howpublished = {\url{http://www.legislation.gov.uk/ukpga/1998/29}}
}

@MISC{ITA,
    author = {The International Trademark Association},
    title = {Fair Use of Trademarks (Intended for a non-legal audience)},
    month = jan,
    year = {2016},
    howpublished = {\url{https://www.inta.org/TrademarkBasics/FactSheets/Pages/Fair-Use-of-TrademarksNL.aspx}}
}

@MISC{pokedexCopyright,
    author = {Bulbanews},
    title = {Pok\'{e}dex apps pulled from market},
    month = may,
    year = {2011},
    howpublished = {\url{https://bulbanews.bulbagarden.net/wiki/Pok%C3%A9dex_apps_pulled_from_market}}
}

@article{soloveTaxonomy,
  title={A taxonomy of privacy},
  author={Solove, Daniel J},
  journal={U. Pa. L. Rev.},
  volume={154},
  pages={477},
  year={2005},
  publisher={HeinOnline}
}
